<record><leader>00000cas a2200000 a 4500</leader><controlfield tag="001">13139326</controlfield><controlfield tag="008">860211d18871969cauwr ne      0    0eng c</controlfield><datafield ind1=" " ind2=" " tag="010"><subfield code="a">sn 86064462 </subfield></datafield><datafield ind1=" " ind2=" " tag="040"><subfield code="a">KSH</subfield><subfield code="b">eng</subfield><subfield code="c">KSH</subfield><subfield code="d">NPT</subfield><subfield code="d">CNK</subfield><subfield code="d">OCL</subfield><subfield code="d">OCLCQ</subfield><subfield code="d">CNK</subfield><subfield code="d">OCLCQ</subfield><subfield code="d">OCLCF</subfield><subfield code="d">OCLCO</subfield></datafield><datafield ind1="1" ind2=" " tag="029"><subfield code="a">AU@</subfield><subfield code="b">000022170356</subfield></datafield><datafield ind1=" " ind2=" " tag="042"><subfield code="a">pcc</subfield></datafield><datafield ind1=" " ind2=" " tag="043"><subfield code="a">n-us-ca</subfield></datafield><datafield ind1="0" ind2="0" tag="245"><subfield code="a">Williams farmer.</subfield></datafield><datafield ind1=" " ind2=" " tag="260"><subfield code="a">Williams, Calif. :</subfield><subfield code="b">S.H. Callen</subfield></datafield><datafield ind1=" " ind2=" " tag="300"><subfield code="a">v. ;</subfield><subfield code="c">56-61 cm.</subfield></datafield><datafield ind1=" " ind2=" " tag="310"><subfield code="a">Weekly</subfield></datafield><datafield ind1="1" ind2=" " tag="362"><subfield code="a">Began in 1887.</subfield><subfield code="z">Cf. Rowell, 1889; ceased in 1969.</subfield></datafield><datafield ind1=" " ind2=" " tag="530"><subfield code="a">Master negatives are available for duplication from:</subfield><subfield code="b">California Newspaper Microfilm Archive;</subfield><subfield code="c">positive copies may be purchased by the reel; for further information consult the CNMA at:</subfield><subfield code="u">http://cbsr.ucr.edu</subfield></datafield><datafield ind1=" " ind2=" " tag="580"><subfield code="a">Merged with: Maxwell tribune (Maxwell, Calif. : 1919), and Arbuckle American, to form: Colusa County farmer.</subfield></datafield><datafield ind1=" " ind2=" " tag="588"><subfield code="a">Description based on: Vol. 1, no. 51 (Aug. 4, 1888).</subfield></datafield><datafield ind1=" " ind2="0" tag="651"><subfield code="a">Williams (Calif.)</subfield><subfield code="v">Newspapers.</subfield></datafield><datafield ind1=" " ind2="7" tag="655"><subfield code="a">Newspapers.</subfield><subfield code="2">fast</subfield><subfield code="0">(OCoLC)fst01423814</subfield></datafield><datafield ind1=" " ind2="7" tag="651"><subfield code="a">California</subfield><subfield code="z">Williams.</subfield><subfield code="2">fast</subfield><subfield code="0">(OCoLC)fst01224723</subfield></datafield><datafield ind1=" " ind2=" " tag="752"><subfield code="a">United States</subfield><subfield code="b">California</subfield><subfield code="c">Colusa</subfield><subfield code="d">Williams.</subfield></datafield><datafield ind1="1" ind2="7" tag="785"><subfield code="t">Maxwell tribune (Maxwell, Calif. : 1919)</subfield><subfield code="w">(DLC)sn 97060829</subfield></datafield><datafield ind1="1" ind2="7" tag="785"><subfield code="t">Arbuckle American</subfield><subfield code="w">(DLC)sn 92069430</subfield></datafield><datafield ind1="1" ind2="7" tag="785"><subfield code="t">Colusa County farmer</subfield><subfield code="w">(DLC)sn 83004708</subfield></datafield></record>